<?xml version="1.0" encoding="UTF-8"?><collection xmlns="http://www.loc.gov/MARC21/slim"><record><leader>00690nam--2200181-i-4500</leader><controlfield tag="001">000041112</controlfield><controlfield tag="002">20161230</controlfield><controlfield tag="005">20170206083420</controlfield><controlfield tag="008">060222s1000------------r-----000-0-eng-d</controlfield><datafield ind1=" " ind2=" " tag="040"><subfield code="a">IFIN-HH</subfield></datafield><datafield ind1=" " ind2=" " tag="080"><subfield code="a">621.315.592</subfield></datafield><datafield ind1="1" ind2=" " tag="100"><subfield code="a">Henisch, H.K</subfield></datafield><datafield ind1="1" ind2="0" tag="245"><subfield code="a">Semi-conducting materials</subfield><subfield code="b">Proccedings of a conference held at the university of reading under the auspices of the international union of pure and applied physics in cooperation with the royal society</subfield><subfield code="c">H.k. Henisch (conference secretary and editor)</subfield></datafield><datafield ind1=" " ind2=" " tag="260"><subfield code="a">London</subfield><subfield code="b">Butterworths Scientific Publishing Ltd</subfield><subfield code="c">1951</subfield></datafield><datafield ind1=" " ind2=" " tag="300"><subfield code="a">XV+ 281 P</subfield></datafield><datafield ind1=" " ind2=" " tag="490"><subfield code="a">Proceedings</subfield></datafield><datafield ind1=" " ind2=" " tag="852"><subfield code="a">10002</subfield><subfield code="c">537.311.33</subfield></datafield><datafield ind1=" " ind2=" " tag="CAT"><subfield code="a">SYS</subfield><subfield code="c">20170206</subfield><subfield code="h">083420</subfield></datafield></record></collection>